<record><leader>00000cas a2200000 i 4500</leader><controlfield tag="001">15673137</controlfield><controlfield tag="008">870512d18861899inudn ne      0    0eng c</controlfield><datafield ind1=" " ind2=" " tag="010"><subfield code="a">sn 87056023 </subfield></datafield><datafield ind1=" " ind2=" " tag="040"><subfield code="a">NPI</subfield><subfield code="b">eng</subfield><subfield code="e">rda</subfield><subfield code="c">NPI</subfield><subfield code="d">OCLCQ</subfield><subfield code="d">IUL</subfield><subfield code="d">OCLCO</subfield><subfield code="d">IUL</subfield><subfield code="d">OCLCF</subfield></datafield><datafield ind1=" " ind2=" " tag="042"><subfield code="a">pcc</subfield></datafield><datafield ind1=" " ind2=" " tag="043"><subfield code="a">n-us-in</subfield></datafield><datafield ind1="0" ind2=" " tag="130"><subfield code="a">Fort Wayne gazette (Fort Wayne, Ind. : Daily : 1886)</subfield></datafield><datafield ind1="1" ind2="4" tag="245"><subfield code="a">The Fort Wayne gazette.</subfield></datafield><datafield ind1="1" ind2=" " tag="246"><subfield code="i">Issue for May 28, 1899 called:</subfield><subfield code="a">Fort Gazette. Wayne.</subfield></datafield><datafield ind1="1" ind2=" " tag="246"><subfield code="i">Sunday issues called:</subfield><subfield code="a">Fort Wayne Sunday gazette</subfield><subfield code="f">1886-</subfield></datafield><datafield ind1="1" ind2=" " tag="246"><subfield code="i">Sunday issues called:</subfield><subfield code="a">Sunday gazette</subfield><subfield code="f">1897-</subfield></datafield><datafield ind1=" " ind2="1" tag="264"><subfield code="a">Fort Wayne, Ind. :</subfield><subfield code="b">N.R. Leonard &amp; Son</subfield></datafield><datafield ind1=" " ind2=" " tag="300"><subfield code="a">volumes</subfield></datafield><datafield ind1=" " ind2=" " tag="310"><subfield code="a">Daily (except Monday)</subfield></datafield><datafield ind1=" " ind2=" " tag="336"><subfield code="a">text</subfield><subfield code="b">txt</subfield><subfield code="2">rdacontent</subfield></datafield><datafield ind1=" " ind2=" " tag="337"><subfield code="a">unmediated</subfield><subfield code="b">n</subfield><subfield code="2">rdamedia</subfield></datafield><datafield ind1=" " ind2=" " tag="338"><subfield code="a">volume</subfield><subfield code="b">nc</subfield><subfield code="2">rdacarrier</subfield></datafield><datafield ind1="1" ind2=" " tag="362"><subfield code="a">Began with Twenty-sixth year (August 6, 1886); ceased with June 14, 1899 issue?</subfield></datafield><datafield ind1=" " ind2=" " tag="580"><subfield code="a">Weekly ed.: Fort Wayne weekly gazette.</subfield></datafield><datafield ind1=" " ind2=" " tag="588"><subfield code="a">Description based on: Twenty-sixth year (August 6, 1886); title from masthead, U.S. Newspaper Archive (viewed April 18, 2017).</subfield></datafield><datafield ind1=" " ind2=" " tag="588"><subfield code="a">Latest issue consulted: Vol. XXXVII, no.125 (May 31, 1899); U.S. Newspaper Archive (viewed April 18, 2017).</subfield></datafield><datafield ind1=" " ind2="0" tag="651"><subfield code="a">Fort Wayne (Ind.)</subfield><subfield code="v">Newspapers.</subfield></datafield><datafield ind1=" " ind2="0" tag="651"><subfield code="a">Allen County (Ind.)</subfield><subfield code="v">Newspapers.</subfield></datafield><datafield ind1=" " ind2="7" tag="655"><subfield code="a">Newspapers.</subfield><subfield code="2">fast</subfield><subfield code="0">(OCoLC)fst01423814</subfield></datafield><datafield ind1=" " ind2="7" tag="651"><subfield code="a">Indiana</subfield><subfield code="z">Allen County.</subfield><subfield code="2">fast</subfield><subfield code="0">(OCoLC)fst01207514</subfield></datafield><datafield ind1=" " ind2="7" tag="651"><subfield code="a">Indiana</subfield><subfield code="z">Fort Wayne.</subfield><subfield code="2">fast</subfield><subfield code="0">(OCoLC)fst01204891</subfield></datafield><datafield ind1=" " ind2=" " tag="752"><subfield code="a">United States</subfield><subfield code="b">Indiana</subfield><subfield code="c">Allen</subfield><subfield code="d">Fort Wayne.</subfield></datafield><datafield ind1="1" ind2=" " tag="775"><subfield code="t">Fort Wayne weekly gazette</subfield><subfield code="w">(DLC)sn 84027348</subfield><subfield code="w">(OCoLC)11046676</subfield></datafield><datafield ind1="0" ind2="0" tag="780"><subfield code="t">Daily gazette (Fort Wayne, Ind. : 1884)</subfield><subfield code="w">(DLC)  2017238233</subfield><subfield code="w">(OCoLC)982298764</subfield></datafield><datafield ind1="0" ind2="7" tag="785"><subfield code="t">Fort Wayne journal (Fort Wayne, Ind. : Daily)</subfield><subfield code="w">(DLC)sn 87055973</subfield><subfield code="w">(OCoLC)15673009</subfield></datafield><datafield ind1="0" ind2="7" tag="785"><subfield code="t">Ft. Wayne journal-gazette</subfield><subfield code="w">(DLC)sn 86058001</subfield><subfield code="w">(OCoLC)12981908</subfield></datafield><datafield ind1="4" ind2="1" tag="856"><subfield code="u">https://access.newspaperarchive.com/us/indiana/fort-wayne/fort-wayne-gazette/</subfield></datafield><datafield ind1="4" ind2="1" tag="856"><subfield code="u">http://proxyiub.uits.iu.edu/login?url=http://access.newspaperarchive.com/Fort-Gazette-Wayne</subfield></datafield><datafield ind1="4" ind2="1" tag="856"><subfield code="u">https://access.newspaperarchive.com/us/indiana/fort-wayne/fort-wayne-sunday-gazette/</subfield></datafield></record>